<?xml version="1.0" encoding="UTF-8"?><collection xmlns="http://www.loc.gov/MARC21/slim"><record><leader>00459nam--2200133-i-4500</leader><controlfield tag="001">000003560</controlfield><controlfield tag="002">20161230</controlfield><controlfield tag="005">20161230201025</controlfield><controlfield tag="008">060222s1000------------r-----000-0-eng-d</controlfield><datafield ind1=" " ind2=" " tag="100"><subfield code="a">Bedov, D.G., Vinogradov, V.A., Culicov, N.N</subfield></datafield><datafield ind1=" " ind2=" " tag="245"><subfield code="a">Tehnologia fabricarii in masa a condensatorulu i de mica si hirtie. traducere din limba rusa, numai pentru documentare</subfield></datafield><datafield ind1=" " ind2=" " tag="260"><subfield code="a">Bucuresti, Edit.Energetica De Stat, 1953 152 P.+ Ilustr</subfield></datafield><datafield ind1=" " ind2=" " tag="490"><subfield code="a">Meeie</subfield></datafield><datafield ind1=" " ind2=" " tag="852"><subfield code="a">3090</subfield></datafield></record></collection>